@article{cancino2018computational,
  title={Computational models of expressive music performance: A comprehensive and critical review},
  author={Cancino-Chac{\'o}n, Carlos E and Grachten, Maarten and Goebl, Werner and Widmer, Gerhard},
  journal={Frontiers in Digital Humanities},
  volume={5},
  pages={25},
  year={2018},
  publisher={Frontiers}
}

@inproceedings{krizhevsky2012imagenet,
  title={Imagenet classification with deep convolutional neural networks},
  author={Krizhevsky, Alex and Sutskever, Ilya and Hinton, Geoffrey E},
  booktitle={Advances in neural information processing systems},
  pages={1097--1105},
  year={2012}
}

@book{goodfellow2016deep,
  title={Deep learning},
  author={Goodfellow, Ian and Bengio, Yoshua and Courville, Aaron},
  year={2016},
  publisher={MIT press}
}

@article{sandred2009revisiting,
  title={Revisiting the Illiac Suite--a rule-based approach to stochastic processes},
  author={Sandred, Orjan and Laurson, Mikael and Kuuskankare, Mika},
  journal={Sonic Ideas/Ideas Sonicas},
  volume={2},
  pages={42--46},
  year={2009}
}

@article{widmer2016getting,
  title={Getting closer to the essence of music: The con espressione manifesto},
  author={Widmer, Gerhard},
  journal={ACM Transactions on Intelligent Systems and Technology (TIST)},
  volume={8},
  number={2},
  pages={1--13},
  year={2016},
  publisher={ACM New York, NY, USA}
}

@article{flossmann2010magaloff,
  title={The Magaloff corpus: An empirical error study},
  author={Flossmann, Sebastian and Goebl, Werner and Widmer, Gerhard},
  journal={Proceedings of the 11th ICMPC. Seattle, Washington, USA},
  year={2010}
}

@article{grachten2012linear,
  title={Linear basis models for prediction and analysis of musical expression},
  author={Grachten, Maarten and Widmer, Gerhard},
  journal={Journal of New Music Research},
  volume={41},
  number={4},
  pages={311--322},
  year={2012},
  publisher={Taylor \& Francis}
}

@article{devlin2018bert,
  title={Bert: Pre-training of deep bidirectional transformers for language understanding},
  author={Devlin, Jacob and Chang, Ming-Wei and Lee, Kenton and Toutanova, Kristina},
  journal={arXiv preprint arXiv:1810.04805},
  year={2018}
}

@article{radford2019language,
  title={Language models are unsupervised multitask learners},
  author={Radford, Alec and Wu, Jeffrey and Child, Rewon and Luan, David and Amodei, Dario and Sutskever, Ilya},
  journal={OpenAI Blog},
  volume={1},
  number={8},
  pages={9},
  year={2019}
}

@article{widmer2009yqx,
  title={YQX plays Chopin},
  author={Widmer, Gerhard and Flossmann, Sebastian and Grachten, Maarten},
  journal={AI magazine},
  volume={30},
  number={3},
  pages={35--35},
  year={2009}
}

@inproceedings{chacon2016basis,
  title={The basis mixer: a computational romantic pianist},
  author={Chac{\'o}n, Carlos Eduardo Cancino and Grachten, Maarten},
  booktitle={Late-Breaking Demos of the 17th International Society for Music Information Retrieval Conf.(ISMIR)},
  year={2016}
}

@inproceedings{jeong2019virtuosonet,
  title={VirtuosoNet: A Hierarchical RNN-based System for Modeling Expressive Piano Performance.},
  author={Jeong, Dasaem and Kwon, Taegyun and Kim, Yoojin and Lee, Kyogu and Nam, Juhan},
  booktitle={ISMIR},
  pages={908--915},
  year={2019}
}

@inproceedings{jeong2018virtuosonet,
  title={VirtuosoNet: A hierarchical attention RNN for generating expressive piano performance from music score},
  author={Jeong, Dasaem and Kwon, Taegyun and Nam, Juhan},
  booktitle={NeurIPS 2018 Workshop on Machine Learning for Creativity and Design},
  year={2018}
}

@inproceedings{huang2018music,
  title={Music transformer: Generating music with long-term structure},
  author={Huang, Cheng-Zhi Anna and Vaswani, Ashish and Uszkoreit, Jakob and Simon, Ian and Hawthorne, Curtis and Shazeer, Noam and Dai, Andrew M and Hoffman, Matthew D and Dinculescu, Monica and Eck, Douglas},
  booktitle={International Conference on Learning Representations},
  year={2018}
}

@article{friberg2006overview,
  title={Overview of the KTH rule system for musical performance},
  author={Friberg, Anders and Bresin, Roberto and Sundberg, Johan},
  journal={Advances in Cognitive Psychology},
  volume={2},
  number={2-3},
  pages={145--161},
  year={2006}
}

@misc{widmer2000potential,
  title={On the Potential of Machine Learning for Music Research.},
  author={Widmer, Gerhard},
  year={2000}
}

@article{briot2017deep,
  title={Deep learning techniques for music generation--a survey},
  author={Briot, Jean-Pierre and Hadjeres, Ga{\"e}tan and Pachet, Fran{\c{c}}ois-David},
  journal={arXiv preprint arXiv:1709.01620},
  year={2017}
}

@inproceedings{good2001musicxml,
  title={MusicXML: An internet-friendly format for sheet music},
  author={Good, Michael and others},
  booktitle={Xml conference and expo},
  pages={03--04},
  year={2001},
  organization={Citeseer}
}

@inproceedings{vaswani2017attention,
  title={Attention is all you need},
  author={Vaswani, Ashish and Shazeer, Noam and Parmar, Niki and Uszkoreit, Jakob and Jones, Llion and Gomez, Aidan N and Kaiser, {\L}ukasz and Polosukhin, Illia},
  booktitle={Advances in neural information processing systems},
  pages={5998--6008},
  year={2017}
}